@book {Kollar,
    AUTHOR = {Koll\'{a}r, J\'{a}nos},
     TITLE = {Rational curves on algebraic varieties},
    SERIES = {Ergebnisse der Mathematik und ihrer Grenzgebiete. 3. Folge. A
              Series of Modern Surveys in Mathematics [Results in
              Mathematics and Related Areas. 3rd Series. A Series of Modern
              Surveys in Mathematics]},
    VOLUME = {32},
 PUBLISHER = {Springer-Verlag, Berlin},
      YEAR = {1996},
     PAGES = {viii+320},
      ISBN = {3-540-60168-6},
   MRCLASS = {14-02 (14C05 14E05 14F17 14J45)},
  MRNUMBER = {1440180},
MRREVIEWER = {Yuri G. Prokhorov},
       DOI = {10.1007/978-3-662-03276-3},
       URL = {https://doi.org/10.1007/978-3-662-03276-3},
}


@book {FGAExplained,
    AUTHOR = {Fantechi, Barbara and G\"{o}ttsche, Lothar and Illusie, Luc and
              Kleiman, Steven L. and Nitsure, Nitin and Vistoli, Angelo},
     TITLE = {Fundamental algebraic geometry},
    SERIES = {Mathematical Surveys and Monographs},
    VOLUME = {123},
      NOTE = {Grothendieck's FGA explained},
 PUBLISHER = {American Mathematical Society, Providence, RI},
      YEAR = {2005},
     PAGES = {x+339},
      ISBN = {0-8218-3541-6},
   MRCLASS = {14-06 (14A15 14D15 14F20)},
  MRNUMBER = {2222646},
MRREVIEWER = {Liam O'Carroll},
}

@misc{stacks,
	author       = {The {Stacks project authors}},
	title        = {The Stacks project},
	howpublished = {\url{https://stacks.math.columbia.edu}},
	year         = {2019},
}
