@book {Liu,
    AUTHOR = {Liu, Qing},
     TITLE = {Algebraic geometry and arithmetic curves},
    SERIES = {Oxford Graduate Texts in Mathematics},
    VOLUME = {6},
      NOTE = {Translated from the French by Reinie Ern\'{e},
              Oxford Science Publications},
 PUBLISHER = {Oxford University Press, Oxford},
      YEAR = {2002},
     PAGES = {xvi+576},
      ISBN = {0-19-850284-2},
   MRCLASS = {14-01 (11G30 14A05 14A15 14Gxx 14Hxx)},
  MRNUMBER = {1917232},
MRREVIEWER = {C\'{\i}cero Carvalho},
}

@misc{stacks-project,
    shorthand    = {stacks},
    author       = {The {Stacks Project Authors}},
    title        = {\textit{Stacks Project}},
    howpublished = {\url{https://stacks.math.columbia.edu}},
    year         = {2018},
  }

@book {Kollar,
    AUTHOR = {Koll\'{a}r, J\'{a}nos},
     TITLE = {Rational curves on algebraic varieties},
    SERIES = {Ergebnisse der Mathematik und ihrer Grenzgebiete. 3. Folge. A
              Series of Modern Surveys in Mathematics [Results in
              Mathematics and Related Areas. 3rd Series. A Series of Modern
              Surveys in Mathematics]},
    VOLUME = {32},
 PUBLISHER = {Springer-Verlag, Berlin},
      YEAR = {1996},
     PAGES = {viii+320},
      ISBN = {3-540-60168-6},
   MRCLASS = {14-02 (14C05 14E05 14F17 14J45)},
  MRNUMBER = {1440180},
MRREVIEWER = {Yuri G. Prokhorov},
       DOI = {10.1007/978-3-662-03276-3},
       URL = {https://doi.org/10.1007/978-3-662-03276-3},
}


@book {FGAExplained,
    AUTHOR = {Fantechi, Barbara and G\"{o}ttsche, Lothar and Illusie, Luc and
              Kleiman, Steven L. and Nitsure, Nitin and Vistoli, Angelo},
     TITLE = {Fundamental algebraic geometry},
    SERIES = {Mathematical Surveys and Monographs},
    VOLUME = {123},
      NOTE = {Grothendieck's FGA explained},
 PUBLISHER = {American Mathematical Society, Providence, RI},
      YEAR = {2005},
     PAGES = {x+339},
      ISBN = {0-8218-3541-6},
   MRCLASS = {14-06 (14A15 14D15 14F20)},
  MRNUMBER = {2222646},
MRREVIEWER = {Liam O'Carroll},
}

@ARTICLE{Waterhouse-fpqc-sheafification,
    AUTHOR = "Waterhouse, William C.",
    TITLE = "Basically bounded functors and flat sheaves",
    JOURNAL = "Pacific J. Math.",
    VOLUME = "57",
    YEAR = "1975",
    NUMBER = "2",
    PAGES = "597--610"
}
